% This file was created with Citavi 6.2.0.12

@misc{UdoMachauer.2017,
 author = {{Udo Machauer}},
 year = {2017},
 title = {Bauplan{\_}W{\"a}rmepumpenhaus},
 number = {Blatt Nr. 03082017{\_}WP01d},
 editor = {{Karlsruher Institut f{\"u}r Technologie}}
}


